../somax-theoretical-model/reference.bib