@mastersthesis{borg2020dynamic,
  title={Dynamic {Classification} {Models} for {Human-Machine} {Improvisation} and {Composition}},
  author={Borg, Joakim},
  year={2020},
  school={Aalborg University}
}

@misc{maxmsp2021,
  title = {{Cycling74} - {Max}},
  howpublished = {\url{https://cycling74.com/products/max/}},
  note = {Accessed: 2021-03-24}
}

@article{borg_2019,
		title = {Somax 2: A {Real-time} {Framework} for {Human-Machine} {Improvisation}},
		author = {Borg, Joakim},
		journal = {Internal Report - Ircam},
		year = {2019}
}

@misc{somaxoverview2021,
	title = {A {Gentle} {Introduction} to {Somax}},
	howpublished = {\url{https://github.com/DYCI2/Somax2/blob/master/Introduction%20Somax.pdf}},
	note = {Accessed: 2021-03-29}
}

@misc{pymultiproc,
	title = {multiprocessing - {Process-based} parallelism},
	howpublished = {\url{https://docs.python.org/3/library/multiprocessing.html}},
	note = {Accessed: 2021-03-30}
}

@misc{pyasyncio,
	title = {asyncio â€” {Asynchronous} {I/O}},
	howpublished = {\url{https://docs.python.org/3/library/asyncio.html}},
	note = {Accessed: 2021-03-30}
}

@article{bonnasse2010donner,
  title={Donner {\`a} {OMax} le sens du rythme: vers une improvisation plus riche avec la machine},
  author={Bonnasse-Gahot, Laurent},
  journal={{\'E}cole des Hautes {\'E}tudes en sciences sociales, Tech. Rep},
  year={2010}
}