@article{plp_2010,
	title = {Extracting predominant local pulse information from music recordings},
	volume = {19},
	number = {6},
	journal = {IEEE Transactions on Audio, Speech, and Language Processing},
	author = {Grosche, Peter and Muller, Meinard},
	year = {2010},
	pages = {1688--1701},
}



@article{ellis_beat_2007,
  title={Beat tracking by dynamic programming},
  author={Ellis, Daniel PW},
  journal={Journal of New Music Research},
  volume={36},
  number={1},
  pages={51--60},
  year={2007},
  publisher={Taylor \& Francis}
}


@article{borg_2019,
		title = {Somax 2: A {Real-time} {Framework} for {Human-Machine} {Improvisation}},
		author = {Borg, Joakim},
		journal = {Internal Report - Aalborg University Copenhagen},
		year = {2019}
}


@article{salamon_melody_2012,
	title = {Melody extraction from polyphonic music signals using pitch contour characteristics},
	volume = {20},
	number = {6},
	journal = {IEEE Transactions on Audio, Speech, and Language Processing},
	author = {Salamon, Justin and Gómez, Emilia},
	year = {2012},
	pages = {1759--1770},
}


@article{terhardt_virfun_1979,
  title={Calculating virtual pitch},
  author={Terhardt, Ernst},
  journal={Hearing research},
  volume={1},
  number={2},
  pages={155--182},
  year={1979},
  publisher={Elsevier}
}


@article{bonnasse-gahot_update_2014,
	title = {An update on the {SOMax} project},
	author = {Bonnasse-Gahot, Laurent},
	year = {2014},
	journal={Ircam-STMS, Tech. Rep},
    publisher={Citeseer}
}

@article{eerola2004midi,
  title={MIDI toolbox: MATLAB tools for music research},
  author={Eerola, Tuomas and Toiviainen, Petri},
  year={2004},
  journal={Department of Music, University of Jyvaskyla}
}

@book{bishop2006pattern,
  title={Pattern recognition and machine learning},
  author={Bishop, Christopher M},
  year={2006},
  publisher={springer}
}

@book{theodoridis2003pattern,
  title={Pattern recognition},
  author={Theodoridis, Sergios and Koutroumbas, Konstantinos},
  year={2003},
  publisher={Elsevier}
}


@inproceedings{assayag2006omax,
  title={Omax brothers: a dynamic topology of agents for improvization learning},
  author={Assayag, G{\'e}rard and Bloch, Georges and Chemillier, Marc and Cont, Arshia and Dubnov, Shlomo},
  booktitle={Proceedings of the 1st ACM workshop on Audio and music computing multimedia},
  pages={125--132},
  year={2006}
}

@inproceedings{levy2012omaxist,
  title={OMaxist dialectics},
  author={L{\'e}vy, Benjamin and Bloch, Georges and Assayag, G{\'e}rard},
  year={2012},
  booktitle={New Interfaces for Musical Expression},
  pages={137-140},
  publisher={Ann Arbor, United States}

}

@inproceedings{surges2013pyoracle,
  title={Feature selection and composition using PyOracle},
  author={Surges, Greg and Dubnov, Shlomo},
  booktitle={Ninth artificial intelligence and interactive digital entertainment conference},
  year={2013}
}

@phdthesis{nika2016thesis,
  title={Guiding human-computer music improvisation: introducing authoring and control with temporal scenarios},
  author={Nika, J{\'e}r{\^o}me},
  year={2016},
  school={Paris 6}
}

@inproceedings{nika2015improtek,
  title={Guided improvisation as dynamic calls to an offline model},
  author={Nika, J{\'e}r{\^o}me and Bouche, Dimitri and Bresson, Jean and Chemillier, Marc and Assayag, G{\'e}rard},
  year={2015},
  booktitle={Sound and Music Computing (SMC)},
  publisher={Maynooth, Ireland}
}


@inproceedings{nika2017dyci2,
  title={DYCI2 agents: merging the "free", "reactive", and "scenario-based" music generation paradigms},
  author={Nika, J{\'e}r{\^o}me and D{\'e}guernel, Ken and Chemla, Axel and Vincent, Emmanuel and Assayag, G{\'e}rard and others},
  year={2017},
  booktitle={International Computer Music Conference},
  publisher={Shangai, China}
}

@article{franccois2013mimi4x,
  title={Mimi4x: An interactive audio-visual installation for high-level structural improvisation},
  author={Fran{\c{c}}ois, Alexandre RJ and Schankler, Isaac and Chew, Elaine},
  journal={International Journal of Arts and Technology},
  volume={6},
  number={2},
  pages={138--151},
  year={2013},
  publisher={Inderscience Publishers Ltd}
}

@article{herremans2017taxonomy,
  title={A functional taxonomy of music generation systems},
  author={Herremans, Dorien and Chuan, Ching-Hua and Chew, Elaine},
  journal={ACM Computing Surveys (CSUR)},
  volume={50},
  number={5},
  pages={1--30},
  year={2017},
  publisher={ACM New York, NY, USA}
}

@article{assayag1999cac,
  title={Computer-assisted composition at IRCAM: From PatchWork to OpenMusic},
  author={Assayag, G{\'e}rard and Rueda, Camilo and Laurson, Mikael and Agon, Carlos and Delerue, Olivier},
  journal={Computer Music Journal},
  volume={23},
  number={3},
  pages={59--72},
  year={1999},
  publisher={MIT Press}
}

@inproceedings{bresson2011openmusic,
  title={OpenMusic: visual programming environment for music composition, analysis and research},
  author={Bresson, Jean and Agon, Carlos and Assayag, G{\'e}rard},
  booktitle={Proceedings of the 19th ACM international conference on Multimedia},
  pages={743--746},
  year={2011}
}

@inproceedings{agostini2012bach,
  title={Bach: An environment for computer-aided composition in max},
  author={Agostini, Andrea and Ghisi, Daniele},
  booktitle={ICMC},
  year={2012}
}

@book{nierhaus2009algorithmic,
  title={Algorithmic composition: paradigms of automated music generation},
  author={Nierhaus, Gerhard},
  year={2009},
  publisher={Springer Science \& Business Media}
}

@inproceedings{hiller1957musical,
  title={Musical composition with a high speed digital computer},
  author={Hiller Jr, Lejaren A and Isaacson, Leonard M},
  booktitle={Audio Engineering Society Convention 9},
  year={1957},
  organization={Audio Engineering Society}
}

@article{cope1989experiments,
  title={Experiments in musical intelligence (EMI): Non-linear linguistic-based composition},
  author={Cope, David},
  journal={Journal of New Music Research},
  volume={18},
  number={1-2},
  pages={117--139},
  year={1989},
  publisher={Taylor \& Francis}
}

@article{lewis2000voyager,
  title={Too many notes: Computers, complexity and culture in voyager},
  author={Lewis, George E},
  journal={Leonardo Music Journal},
  pages={33--39},
  year={2000},
  publisher={MIT Press}
}

@inproceedings{hadjeres2017deepbach,
  title={Deepbach: a steerable model for bach chorales generation},
  author={Hadjeres, Ga{\"e}tan and Pachet, Fran{\c{c}}ois and Nielsen, Frank},
  booktitle={Proceedings of the 34th International Conference on Machine Learning-Volume 70},
  pages={1362--1371},
  year={2017},
  organization={JMLR. org}
}

@article{sturm2016music,
  title={Music transcription modelling and composition using deep learning},
  author={Sturm, Bob L and Santos, Joao Felipe and Ben-Tal, Oded and Korshunova, Iryna},
  journal={arXiv preprint arXiv:1604.08723},
  year={2016}
}

@article{huang2018music,
  title={Music transformer: Generating music with long-term structure},
  author={Huang, Cheng-Zhi Anna and Vaswani, Ashish and Uszkoreit, Jakob and Simon, Ian and Hawthorne, Curtis and Shazeer, Noam and Dai, Andrew M and Hoffman, Matthew D and Dinculescu, Monica and Eck, Douglas},
  year={2018},
  journal={arXiv preprint arXiv:1809.04281v3}
}

@article{roberts2018hierarchical,
  title={A hierarchical latent vector model for learning long-term structure in music},
  author={Roberts, Adam and Engel, Jesse and Raffel, Colin and Hawthorne, Curtis and Eck, Douglas},
  journal={arXiv preprint arXiv:1803.05428},
  year={2018}
}

@book{briot2019book,
  title={Deep learning techniques for music generation},
  author={Briot, Jean-Pierre and Hadjeres, Ga{\"e}tan and Pachet, Fran{\c{c}}ois},
  volume={10},
  year={2019},
  publisher={Springer}
}

@inproceedings{librosa2015librosa,
  title={librosa: Audio and music signal analysis in python},
  author={McFee, Brian and Raffel, Colin and Liang, Dawen and Ellis, Daniel PW and McVicar, Matt and Battenberg, Eric and Nieto, Oriol},
  booktitle={Proceedings of the 14th python in science conference},
  volume={8},
  year={2015}
}

@inproceedings{madmom2016madmom,
  title={Madmom: A new python audio and music signal processing library},
  author={B{\"o}ck, Sebastian and Korzeniowski, Filip and Schl{\"u}ter, Jan and Krebs, Florian and Widmer, Gerhard},
  booktitle={Proceedings of the 24th ACM international conference on Multimedia},
  pages={1174--1178},
  year={2016}
}

@misc{magenta2020,
  title = {Magenta},
  howpublished = {\url{https://magenta.tensorflow.org/}},
  note = {Accessed: 2020-05-24}
}

@misc{mirex2020,
  title = {MIREX},
  howpublished = {\url{https://www.music-ir.org/mirex/}},
  note = {Accessed: 2020-05-24}
}

@misc{ismir2020,
  title = {ISMIR},
  howpublished = {\url{https://ismir.net/}},
  note = {Accessed: 2020-05-24}
}

@misc{maxmsp2020,
  title = {Cycling74 - {Max}},
  howpublished = {\url{https://cycling74.com/products/max/}},
  note = {Accessed: 2022-01-31}
}

@misc{somax2022pypi,
  title = {{Somax} - {PyPI}},
  howpublished = {\url{https://pypi.org/project/somax/0.1.0/}},
  note = {Accessed: 2022-01-31}
}

@book{xenakis1992formalized,
  title={Formalized music: thought and mathematics in composition},
  author={Xenakis, Iannis},
  number={6},
  year={1992},
  publisher={Pendragon Press}
}

@misc{pymultiproc2021,
	title = {multiprocessing - {Process-based} parallelism},
	howpublished = {\url{https://docs.python.org/3/library/multiprocessing.html}},
	note = {Accessed: 2021-03-30}
}

@misc{pyasyncio2021,
	title = {asyncio — {Asynchronous} {I/O}},
	howpublished = {\url{https://docs.python.org/3/library/asyncio.html}},
	note = {Accessed: 2021-03-30}
}

@misc{pyinstaller2023,
	title = {{PyInstaller} },
	howpublished = {\url{https://pyinstaller.org/en/stable/}},
	note = {Accessed: 2022-03-20}
}

@misc{osc2022,
	title = {Open {Sound} {Control} },
	howpublished = {\url{https://opensoundcontrol.stanford.edu/}},
	note = {Accessed: 2022-02-01}
}



@misc{somaxsoftware2021,
	title = {The {Somax} {Software} {Architecture} {Rev.} 0.2.0},
	howpublished = {Ircam-STMS, Technical Report},
	year={2021}
}

@misc{somaxtheory2021,
	title = {The {Somax} {Theoretical} {Model} {Rev.} 0.2.0},
	howpublished = {Ircam-STMS, Technical Report},
	year={2021}
}

@misc{somaxrepo,
	title = {Somax2},
	howpublished = {\url{https://github.com/DYCI2/Somax2}},
	note = {Accessed: 2023-03-13}
}

@misc{gigrepo,
	title = {Generative Interactive Agents Library {(GIG)} },
	howpublished = {\url{https://github.com/DYCI2/gig}},
	note = {Accessed: 2023-03-16}
}

@misc{maxoscrepo,
	title = {MaxOSC/PyOSC},
	howpublished = {\url{https://github.com/jobor019/pyosc}},
	note = {Accessed: 2023-03-16}
}

@misc{dicy2pythonrepo,
	title = {Dicy2-python},
	howpublished = {\url{https://github.com/DYCI2/Dicy2-python}},
	note = {Accessed: 2023-03-16}
}

@misc{somaxmidterm2022,
	title = {Mid-term {Update} on the {Somax} {System}},
	howpublished = {Ircam-STMS, Technical Report},
	year={2022}
}




@article{bonnasse2010donner,
  title={Donner {\`a} {OMax} le sens du rythme: vers une improvisation plus riche avec la machine},
  author={Bonnasse-Gahot, Laurent},
  journal={{\'E}cole des Hautes {\'E}tudes en sciences sociales, Tech. Rep},
  year={2010}
}

@misc{nika2022dicy2,
  title={Dicy2 for {Max}},
  author={Nika, J{\'e}r{\^o}me and Muller, Augustin and Borg, Joakim and Assayag, G{\'e}rard and Ostrowski, Matthew},
  year={2022},
  howpublished={Ircam UMR STMS 9912}
}
